@article{1,
  title={Epileptic seizures and epilepsy: definitions proposed by the International League Against Epilepsy (ILAE) and the International Bureau for Epilepsy (IBE)},
  author={Fisher, Robert S and Boas, Walter van Emde and Blume, Warren and Elger, Christian and Genton, Pierre and Lee, Phillip and Engel, Jerome},
  journal={Epilepsia},
  volume={46},
  number={4},
  pages={470--472},
  year={2005},
  publisher={Wiley Online Library}
}

@techreport{2,
  title={Z{\'a}klady neurologie. 7. vyd. Praha: Gal{\'e}n, 2011. 351 s},
  author={Ambler, Zden{\v{e}}k},
  year={2011},
  institution={ISBN 978-80-7262-707-3}
}

@article{3,
  title={Seizure outcome after epilepsy surgery in children and adolescents},
  author={Wyllie, Elaine and Comair, Youssef G and Kotagal, Prakash and Bulacio, Juan and Bingaman, William and Ruggieri, Paul},
  journal={Annals of neurology},
  volume={44},
  number={5},
  pages={740--748},
  year={1998},
  publisher={Wiley Online Library}
}

@article{4,
  title={Presurgical evaluation of epilepsy},
  author={Rosenow, Felix and L{\"u}ders, Hans},
  journal={Brain},
  volume={124},
  number={9},
  pages={1683--1700},
  year={2001},
  publisher={Oxford Univ Press}
}

@article{5,
  title={Magnetoencephalography—theory, instrumentation, and applications to noninvasive studies of the working human brain},
  author={H{\"a}m{\"a}l{\"a}inen, Matti and Hari, Riitta and Ilmoniemi, Risto J and Knuutila, Jukka and Lounasmaa, Olli V},
  journal={Reviews of modern Physics},
  volume={65},
  number={2},
  pages={413},
  year={1993},
  publisher={APS}
}

@article{6,
  title={Magnetoencephalography in the preoperative evaluation for epilepsy surgery},
  author={Anderson, Christopher T and Carlson, Chad E and Li, Zhimin and Raghavan, Manoj},
  journal={Current neurology and neuroscience reports},
  volume={14},
  number={5},
  pages={1--8},
  year={2014},
  publisher={Springer}
}

@article{7,
  title={Magnetoencephalography: evidence of magnetic fields produced by alpha-rhythm currents},
  author={Cohen, David},
  journal={Science},
  volume={161},
  number={3843},
  pages={784--786},
  year={1968},
  publisher={American Association for the Advancement of Science}
}

@article{8,
  title={Magnetoencephalography: detection of the brain's electrical activity with a superconducting magnetometer},
  author={Cohen, David},
  journal={Science},
  volume={175},
  number={4022},
  pages={664--666},
  year={1972},
  publisher={American Association for the Advancement of Science}
}

@book{9,
  title={MEG: an introduction to methods},
  author={Hansen, Peter and Kringelbach, Morten and Salmelin, Riitta},
  year={2010},
  publisher={Oxford university press}
}

@book{10,
  title={EEG signal processing},
  author={Sanei, Saeid and Chambers, Jonathon A},
  year={2013},
  publisher={John Wiley \& Sons}
}

@article{11,
  title={EEG signal classification using PCA, ICA, LDA and support vector machines},
  author={Subasi, Abdulhamit and Gursoy, M Ismail},
  journal={Expert Systems with Applications},
  volume={37},
  number={12},
  pages={8659--8666},
  year={2010},
  publisher={Elsevier}
}

@article{12,
  title={A primer for EEG signal processing in anesthesia},
  author={Rampil, Ira J},
  journal={The Journal of the American Society of Anesthesiologists},
  volume={89},
  number={4},
  pages={980--1002},
  year={1998},
  publisher={The American Society of Anesthesiologists}
}

@article{13,
  title={Signal processing techniques applied to human sleep EEG signals—A review},
  author={Motamedi-Fakhr, Shayan and Moshrefi-Torbati, Mohamed and Hill, Martyn and Hill, Catherine M and White, Paul R},
  journal={Biomedical Signal Processing and Control},
  volume={10},
  pages={21--33},
  year={2014},
  publisher={Elsevier}
}

@article{14,
  title={Classification of ictal and seizure-free EEG signals using fractional linear prediction},
  author={Joshi, Varun and Pachori, Ram Bilas and Vijesh, Antony},
  journal={Biomedical Signal Processing and Control},
  volume={9},
  pages={1--5},
  year={2014},
  publisher={Elsevier}
}

@article{15,
  title={Blind source separation, wavelet denoising and discriminant analysis for EEG artefacts and noise cancelling},
  author={V{\'a}zquez, R Romo and Velez-Perez, Hugo and Ranta, Radu and Dorr, V Louis and Maquin, Didier and Maillard, Louis},
  journal={Biomedical Signal Processing and Control},
  volume={7},
  number={4},
  pages={389--400},
  year={2012},
  publisher={Elsevier}
}


@article{16,
  title={Enhanced detection of artifacts in EEG data using higher-order statistics and independent component analysis},
  author={Delorme, Arnaud and Sejnowski, Terrence and Makeig, Scott},
  journal={Neuroimage},
  volume={34},
  number={4},
  pages={1443--1449},
  year={2007},
  publisher={Elsevier}
}

@article{17,
  title={A system for automatic artifact removal in ictal scalp EEG based on independent component analysis and Bayesian classification},
  author={LeVan, P and Urrestarazu, E and Gotman, J},
  journal={Clinical Neurophysiology},
  volume={117},
  number={4},
  pages={912--927},
  year={2006},
  publisher={Elsevier}
}

@article{18,
  title={A comparative study of automatic techniques for ocular artifact reduction in spontaneous EEG signals based on clinical target variables: a simulation case},
  author={Romero, Sergio and Ma{\~n}anas, Miguel A and Barbanoj, Manel J},
  journal={Computers in biology and medicine},
  volume={38},
  number={3},
  pages={348--360},
  year={2008},
  publisher={Elsevier}
}

@article{19,
  title={Review on solving the forward problem in EEG source analysis},
  author={Hallez, Hans and Vanrumste, Bart and Grech, Roberta and Muscat, Joseph and De Clercq, Wim and Vergult, Anneleen and D'Asseler, Yves and Camilleri, Kenneth P and Fabri, Simon G and Van Huffel, Sabine and others},
  journal={Journal of neuroengineering and rehabilitation},
  volume={4},
  number={1},
  pages={1},
  year={2007},
  publisher={BioMed Central}
}

@article{20,
  title={Review on solving the inverse problem in EEG source analysis},
  author={Grech, Roberta and Cassar, Tracey and Muscat, Joseph and Camilleri, Kenneth P and Fabri, Simon G and Zervakis, Michalis and Xanthopoulos, Petros and Sakkalis, Vangelis and Vanrumste, Bart},
  journal={Journal of neuroengineering and rehabilitation},
  volume={5},
  number={1},
  pages={1},
  year={2008},
  publisher={BioMed Central}
}

@article{21,
  title={Measurement of the conductivity of skull, temporarily removed during epilepsy surgery},
  author={Hoekema, R and Wieneke, GH and Leijten, FSS and Van Veelen, CWM and Van Rijen, PC and Huiskamp, GJM and Ansems, J and Van Huffelen, AC},
  journal={Brain topography},
  volume={16},
  number={1},
  pages={29--38},
  year={2003},
  publisher={Springer}
}

@online{22,
  title = {What is the conductivity of the brain, CSF, skull and skin tissue? [online]},
  author = {FieldTrip toolbox},
  year = {2015 [cit. 2016-04-13]} ,
  howpublished = {\url{http://www.fieldtriptoolbox.org/faq/what_is_the_conductivity_of_the_brain_csf_skull_and_skin_tissue}}
}

@article{23,
  title={Effects of dipole position, orientation and noise on the accuracy of EEG source localization},
  author={Whittingstall, Kevin and Stroink, Gerhard and Gates, Larry and Connolly, JF and Finley, Allen},
  journal={Biomedical engineering online},
  volume={2},
  number={1},
  pages={14},
  year={2003},
  publisher={BioMed Central Ltd}
}

@online{24,
  title = {M/EEG source analysis. [přednáška]},
  author = {Henson, Rik},
  year = {11. 5. 2015} ,
  howpublished = {\url{https://www.ucl.ac.uk/stream/media/swatch?v=36f153fd11b6}}
}

@online{25,
  title = {Bayesian Inference. [přednáška]},
  author = {Mathys, Chris},
  year = {5. 2011}
}

@article{26,
  title={The dielectric properties of biological tissues: II. Measurements in the frequency range 10 Hz to 20 GHz},
  author={Gabriel, S and Lau, RW and Gabriel, Camelia},
  journal={Physics in medicine and biology},
  volume={41},
  number={11},
  pages={2251},
  year={1996},
  publisher={IOP Publishing}
}

@article{27,
  title={Modelling motor cortex stimulation for chronic pain control: electrical potential field, activating functions and responses of simple nerve fibre models},
  author={Manola, Lubomir and Roelofsen, BH and Holsheimer, Jan and Marani, E and Geelen, Jan},
  journal={Medical and biological engineering and computing},
  volume={43},
  number={3},
  pages={335--343},
  year={2005},
  publisher={Springer}
}

@online{28,
  title = {SPM12 Manual [online].},
  author = {Ashburner, John and Barnes Gareth },
  year = {2016 [cit. 2016-03-02]} ,
  howpublished = {\url{http://www.fil.ion.ucl.ac.uk/spm/doc/manual.pdf}}
}

@article{29,
  title={EEG source imaging},
  author={Michel, Christoph M and Murray, Micah M and Lantz, G{\"o}ran and Gonzalez, Sara and Spinelli, Laurent and de Peralta, Rolando Grave},
  journal={Clinical neurophysiology},
  volume={115},
  number={10},
  pages={2195--2222},
  year={2004},
  publisher={Elsevier}
}

@article{30,
  title={Imaging cognition II: An empirical review of 275 PET and fMRI studies},
  author={Cabeza, Roberto and Nyberg, Lars},
  journal={Journal of cognitive neuroscience},
  volume={12},
  number={1},
  pages={1--47},
  year={2000},
  publisher={MIT Press}
}

@article{31,
  title={Spatial sampling and filtering of EEG with spline laplacians to estimate cortical potentials},
  author={Srinivasan, Ramesh and Nunez, Paul L and Tucker, Don M and Silberstein, Richard B and Cadusch, Peter J},
  journal={Brain topography},
  volume={8},
  number={4},
  pages={355--366},
  year={1996},
  publisher={Springer}
}

@article{32,
  title={A method for determining optimal interelectrode spacing for cerebral topographic mapping},
  author={Spitzer, A Robert and Cohen, Leonardo G and Fabrikant, Judy and Hallett, Mark},
  journal={Electroencephalography and clinical Neurophysiology},
  volume={72},
  number={4},
  pages={355--361},
  year={1989},
  publisher={Elsevier}
}

@article{33,
  title={Epileptic source localization with high density EEG: how many electrodes are needed?},
  author={Lantz, G and de Peralta, R Grave and Spinelli, L and Seeck, M and Michel, CM},
  journal={Clinical neurophysiology},
  volume={114},
  number={1},
  pages={63--69},
  year={2003},
  publisher={Elsevier}
}

@techreport{34,
  title={Non-uniform spatial sampling in EEG source analysis},
  author={Benar, CG and Gotman, J},
  year={2001},
  institution={DTIC Document}
}

@article{35,
  title={EEG and MEG data analysis in SPM8},
  author={Litvak, Vladimir and Mattout, J{\'e}r{\'e}mie and Kiebel, Stefan and Phillips, Christophe and Henson, Richard and Kilner, James and Barnes, Gareth and Oostenveld, Robert and Daunizeau, Jean and Flandin, Guillaume and others},
  journal={Computational intelligence and neuroscience},
  volume={2011},
  year={2011},
  publisher={Hindawi Publishing Corporation}
}

@article{36,
  title={Magnetoencephalography in presurgical epilepsy evaluation},
  author={Pataraia, Ekaterina and Baumgartner, Christoph and Lindinger, Gerald and Deecke, L{\"u}der},
  journal={Neurosurgical review},
  volume={25},
  number={3},
  pages={141--159},
  year={2002},
  publisher={Springer}
}

@article{37,
  title={Advantages and limitations of magnetic source imaging},
  author={Williamson, Samuel J and L{\"u}, Zhong-Lin and Karron, Daniel and Kaufman, Lloyd},
  journal={Brain topography},
  volume={4},
  number={2},
  pages={169--180},
  year={1991},
  publisher={Springer}
}

@article{38,
  title={The zero of potential.},
  author={Geselowitz, David B},
  journal={IEEE engineering in medicine and biology magazine: the quarterly magazine of the Engineering in Medicine \& Biology Society},
  volume={17},
  number={1},
  pages={128--132},
  year={1997}
}

@article{39,
  title={EEG dipole source localization using artificial neural networks},
  author={Van Hoey, Gert and De Clercq, Jeremy and Vanrumste, Bart and Van de Walle, Rik and Lemahieu, Ignace and D'Hav{\'e}, Michel and Boon, Paul},
  journal={Physics in medicine and biology},
  volume={45},
  number={4},
  pages={997},
  year={2000},
  publisher={IOP Publishing}
}

@article{40,
  title={Source localization of brain electrical activity},
  author={Fender, DH},
  journal={Handbook of electroencephalography and clinical neurophysiology},
  volume={1},
  pages={355--99},
  year={1987},
  publisher={Elsevier Amsterdam}
}

@article{41,
  title={Activation of multiple cortical areas in response to somatosensory stimulation: combined magnetoencephalographic and functional magnetic resonance imaging},
  author={Korvenoja, Antti and Huttunen, Juha and Salli, Eero and Pohjonen, Hanna and Martinkauppi, Sami and Palva, Jaakko M and Lauronen, Leena and Virtanen, Juha and Aronen, Hannu J and others},
  journal={Human brain mapping},
  volume={8},
  number={1},
  pages={13--27},
  year={1999},
  publisher={Wiley Online Library}
}

@article{42,
  title={Variational Bayesian inversion of the equivalent current dipole model in EEG/MEG},
  author={Kiebel, Stefan J and Daunizeau, Jean and Phillips, Christophe and Friston, Karl J},
  journal={NeuroImage},
  volume={39},
  number={2},
  pages={728--741},
  year={2008},
  publisher={Elsevier}
}

@article{43,
  title={Interpreting magnetic fields of the brain: minimum norm estimates},
  author={H{\"a}m{\"a}l{\"a}inen, Matti S and Ilmoniemi, Risto J},
  journal={Medical \& biological engineering \& computing},
  volume={32},
  number={1},
  pages={35--42},
  year={1994},
  publisher={Springer}
}

@article{44,
  title={Probabilistic reconstruction of multiple sources in the bioelectromagnetic inverse problem},
  author={Greenblatt, RE},
  journal={Inverse problems},
  volume={9},
  number={2},
  pages={271},
  year={1993},
  publisher={IOP Publishing}
}

@article{45,
  title={Neuromagnetic source imaging with FOCUSS: a recursive weighted minimum norm algorithm},
  author={Gorodnitsky, Irina F and George, John S and Rao, Bhaskar D},
  journal={Electroencephalography and clinical Neurophysiology},
  volume={95},
  number={4},
  pages={231--251},
  year={1995},
  publisher={Elsevier}
}


@article{46,
  title={A critical analysis of linear inverse solutions to the neuroelectromagnetic inverse problem},
  author={Peralta-Menendez, De and Grave, Rolando and Gonzalez-Andino, Sara L},
  journal={Biomedical Engineering, IEEE Transactions on},
  volume={45},
  number={4},
  pages={440--448},
  year={1998},
  publisher={IEEE}
}

@article{47,
  title={Generalized minimum norm least squares reconstruction algorithms},
  author={Fuchs, M and Wischmann, HA and Wagner, M},
  journal={ISBET newsletter},
  volume={5},
  pages={8--1},
  year={1994}
}

@article{48,
  title={Evaluation of different cortical source localization methods using simulated and experimental EEG data},
  author={Yao, Jun and Dewald, Julius PA},
  journal={Neuroimage},
  volume={25},
  number={2},
  pages={369--382},
  year={2005},
  publisher={Elsevier}
}

@article{49,
  title={Statistical flattening of MEG beamformer images},
  author={Barnes, Gareth R and Hillebrand, Arjan},
  journal={Human brain mapping},
  volume={18},
  number={1},
  pages={1--12},
  year={2003},
  publisher={Wiley Online Library}
}

@article{50,
  title={Localization of brain electrical activity via linearly constrained minimum variance spatial filtering},
  author={Van Veen, Barry D and Van Drongelen, Wim and Yuchtman, Moshe and Suzuki, Akifumi},
  journal={Biomedical Engineering, IEEE Transactions on},
  volume={44},
  number={9},
  pages={867--880},
  year={1997},
  publisher={IEEE}
}

@article{51,
  title={Bayesian estimation of evoked and induced responses},
  author={Friston, Karl and Henson, Richard and Phillips, Christophe and Mattout, J{\'e}r{\'e}mie},
  journal={Human brain mapping},
  volume={27},
  number={9},
  pages={722--735},
  year={2006},
  publisher={Wiley Online Library}
}

@article{52,
  title={Multiple sparse priors for the M/EEG inverse problem},
  author={Friston, Karl and Harrison, Lee and Daunizeau, Jean and Kiebel, Stefan and Phillips, Christophe and Trujillo-Barreto, Nelson and Henson, Richard and Flandin, Guillaume and Mattout, J{\'e}r{\'e}mie},
  journal={NeuroImage},
  volume={39},
  number={3},
  pages={1104--1120},
  year={2008},
  publisher={Elsevier}
}

@article{53,
  title={Review of methods for solving the EEG inverse problem},
  author={Pascual-Marqui, Roberto Domingo},
  journal={International journal of bioelectromagnetism},
  volume={1},
  number={1},
  pages={75--86},
  year={1999}
}

@article{54,
  title={A simulation study of the error in dipole source localization for EEG spikes with a realistic head model},
  author={Kobayashi, Katsuhiro and Yoshinaga, Harumi and Oka, Makio and Ohtsuka, Yoko and Gotman, Jean},
  journal={Clinical neurophysiology},
  volume={114},
  number={6},
  pages={1069--1078},
  year={2003},
  publisher={Elsevier}
}

@article{55,
  title={Improved dipole localization using local mesh refinement of realistic head geometries: an EEG simulation study},
  author={Yvert, B and Bertrand, O and Echallier, JF and Pernier, J},
  journal={Electroencephalography and clinical Neurophysiology},
  volume={99},
  number={1},
  pages={79--89},
  year={1996},
  publisher={Elsevier}
}

@article{56,
  title={A standardized boundary element method volume conductor model},
  author={Fuchs, Manfred and Kastner, J{\"o}rn and Wagner, Michael and Hawes, Susan and Ebersole, John S},
  journal={Clinical Neurophysiology},
  volume={113},
  number={5},
  pages={702--712},
  year={2002},
  publisher={Elsevier}
}

@article{57,
  title={Specializovan{\`y} informa{\v{c}}n{\'\i} syst{\'e}m pro evidenci pacientů za{\v{r}}azen{\`y}ch do epilepto-chirurgick{\'e}ho programu-redesign, reimplementace a optimalizace},
  author={Du{\v{s}}ek, Jan},
  year={2014},
  publisher={{\v{C}}esk{\'e} vysok{\'e} u{\v{c}}en{\'\i} technick{\'e} v Praze. Vypo{\v{c}}etn{\'\i} a informa{\v{c}}n{\'\i} centrum.}
}

@book{58,
  title={Farmakorezistentn{\'\i} epilepsie},
  author={Br{\'a}zdil, Milan and Hada{\v{c}}, Jan and Marusi{\v{c}}, Petr and others},
  year={2011},
  publisher={Triton}
}

@article{59,
  title={Interictal and ictal source localization in neocortical versus medial temporal lobe epilepsy},
  author={Boon, Paul and D'Have, Michel and Van Hoey, Gert and Vanrumste, Bart and Vonck, Kristl and Adam, Claude and Vandekerckhove, Tom},
  journal={Advances in neurology},
  volume={84},
  pages={365--375},
  year={2000},
  publisher={Lippincott, Williams \& Wilkins}
}

@article{60,
  title={Noninvasive localization of epileptogenic foci by EEG source modeling},
  author={Ebersole, John S},
  journal={Epilepsia},
  volume={41},
  number={s3},
  pages={S24--S33},
  year={2000},
  publisher={Wiley Online Library}
}

@article{61,
  title={Epileptic source localization with high density EEG: how many electrodes are needed?},
  author={Lantz, G and de Peralta, R Grave and Spinelli, L and Seeck, M and Michel, CM},
  journal={Clinical neurophysiology},
  volume={114},
  number={1},
  pages={63--69},
  year={2003},
  publisher={Elsevier}
}

@article{62,
  title={Localization of interictal delta and epileptiform EEG activity associated with focal epileptogenic brain lesions},
  author={Huppertz, Hans-J{\"u}rgen and Hof, Eberhard and Klisch, Joachim and Wagner, Mirko and L{\"u}cking, Carl Hermann and Kristeva-Feige, Rumyana},
  journal={Neuroimage},
  volume={13},
  number={1},
  pages={15--28},
  year={2001},
  publisher={Elsevier}
}

@article{63,
  title={A CMOS continuous-time low-pass notch filter for EEG systems},
  author={Qian, Xinbo and Xu, Yong Ping and Li, Xiaoping},
  journal={Analog Integrated Circuits and Signal Processing},
  volume={44},
  number={3},
  pages={231--238},
  year={2005},
  publisher={Springer}
}

@online{64,
  title = {Přednáška 1-2: Základy číslicové filtrace, příklady filtrů. [přednáška]},
  author = {Sovka, Pavel},
  year = {9. 2014}
}

@book{65,
  title={L{\'e}ka{\v{r}}sk{\'a} biofyzika a p{\v{r}}{\'\i}strojov{\'a} technika},
  author={Hrazdira, Ivo and Mornstein, Vojt{\v{e}}ch},
  year={2001},
  publisher={Neptun}
}

@article{66,
  title={Anal{\`y}za biologick{\`y}ch sign{\'a}lů},
  author={Kozumpl{\'i}k, Ji{\v{r}}{\'\i}},
  journal={Elektronick{\'a} skripta FEKT VUT v Brn{\v{e}}},
  year={2011}
}

@online{67,
  title = {Inverzní úloha: EEG záznam [elektronická zpráva]},
  author = {Kalina, Adam},
  year = {6. 5. 2016 10:21; [cit. 2016-5-12]}
}

@online{68,
  title = {Interpretace výsledků evokovaných potenciálů [elektronická zpráva]},
  author = {Kalina, Adam},
  year = {15. 4. 2016 1:57; [cit. 2016-5-12]}
}

@online{69,
  title = {The MNI brain and the Talairach atlas. MRC CBSU Wiki [online]},
  author = {Cambridge: MRC Cognition and Brain Sciences Unit},
  year = {2013 [cit. 2016-05-13]} ,
  howpublished = {\url{http://imaging.mrc-cbu.cam.ac.uk/imaging/MniTalairach}}
}

@article{70,
  title={Detection of interictal epileptiform discharges using signal envelope distribution modelling: application to epileptic and non-epileptic intracranial recordings},
  author={Janca, Radek and Jezdik, Petr and Cmejla, Roman and Tomasek, Martin and Worrell, Gregory A and Stead, Matt and Wagenaar, Joost and Jefferys, John GR and Krsek, Pavel and Komarek, Vladimir and others},
  journal={Brain topography},
  volume={28},
  number={1},
  pages={172--183},
  year={2015},
  publisher={Springer}
}

@online{71,
  title = {Epilepsie: Druhy epileptických záchvatů. In:Wikipedia: the free encyclopedia [online]},
  author = {San Francisco (CA): Wikimedia Foundation},
  year = {2016 [cit. 2016-05-15]} ,
  howpublished = {\url{https://cs.wikipedia.org/wiki/Epilepsie}}
}

@article{72,
  title={Epileptic source localization with high density EEG: how many electrodes are needed? [obrázek]},
  author={Lantz, G and de Peralta, R Grave and Spinelli, L and Seeck, M and Michel, CM},
  journal={Clinical neurophysiology},
  volume={114},
  number={1},
  pages={63--69},
  year={2003},
  publisher={Elsevier}
}


@article{73,
  title={EEG source imaging [obrázek]},
  author={Michel, Christoph M and Murray, Micah M and Lantz, G{\"o}ran and Gonzalez, Sara and Spinelli, Laurent and de Peralta, Rolando Grave},
  journal={Clinical neurophysiology},
  volume={115},
  number={10},
  pages={2195--2222},
  year={2004},
  publisher={Elsevier}
}

@article{74,
  title={Algorithmic procedures for Bayesian MEG/EEG source reconstruction in SPM},
  author={Lopez, JD and Litvak, Vladimir and Espinosa, JJ and Friston, K and Barnes, Gareth R},
  journal={NeuroImage},
  volume={84},
  pages={476--487},
  year={2014},
  publisher={Elsevier}
}

@inproceedings{75,
  title={Automatic detection and spatial clustering of interictal discharges in invasive recordings},
  author={Janca, R and Jezdik, Petr and Cmejla, Roman and Krsek, Pavel and Jefferys, JGR and Marusic, Petr and Jiruska, Premysl},
  booktitle={Medical Measurements and Applications Proceedings (MeMeA), 2013 IEEE International Symposium on},
  pages={219--223},
  year={2013},
  organization={IEEE}
}
